<record xmlns:xsi="http://www.w3.org/2001/XMLSchema-instance" xmlns="http://www.loc.gov/MARC21/slim" xsi:schemaLocation="http://www.loc.gov/MARC21/slim http://www.loc.gov/standards/marcxml/schema/MARC21slim.xsd">

  <leader>00476nam a2200169Ia 4500</leader>
  <controlfield tag="008">160831b2002    m  ||||| |||| 00| 0 spa d</controlfield>
  <datafield ind2=" " ind1=" " tag="020">
    <subfield code="a">968180127X</subfield>
  </datafield>
  <datafield ind2=" " tag="090" ind1=" ">
    <subfield code="a">370.1 </subfield>
    <subfield code="b">B786t</subfield>
  </datafield>
  <datafield ind2=" " tag="100" ind1="1">
    <subfield code="a">Bowen, James</subfield>
    <subfield code="9">1969</subfield>
  </datafield>
  <datafield ind2="0" ind1="1" tag="245">
    <subfield code="a">Teorías de la educación / </subfield>
    <subfield code="c">James Bowen, Peter R. Hobson</subfield>
  </datafield>
  <datafield ind2=" " tag="260" ind1=" ">
    <subfield code="a">México : </subfield>
    <subfield code="b">Limusa, </subfield>
    <subfield code="c">2002</subfield>
  </datafield>
  <datafield ind2=" " tag="300" ind1=" ">
    <subfield code="a">452 páginas</subfield>
  </datafield>
  <datafield ind1=" " tag="500" ind2=" ">
    <subfield code="a">FILOSOFIA DE LA EDUCACION</subfield>
  </datafield>
  <datafield tag="650" ind1="1" ind2="4">
    <subfield code="a">EDUCACIÓN</subfield>
    <subfield code="9">1</subfield>
  </datafield>
  <datafield ind2=" " tag="700" ind1="1">
    <subfield code="9">1970</subfield>
    <subfield code="a">Hobson, Peter R.</subfield>
  </datafield>
  <datafield ind2=" " ind1=" " tag="942">
    <subfield code="2">z</subfield>
    <subfield code="c">01</subfield>
  </datafield>
  <datafield ind1=" " tag="999" ind2=" ">
    <subfield code="c">387</subfield>
    <subfield code="d">387</subfield>
  </datafield>
</record>